<?xml version="1.0" encoding="UTF-8"?><collection xmlns="http://www.loc.gov/MARC21/slim"><record><leader>00401nam--2200133-i-4500</leader><controlfield tag="001">000027361</controlfield><controlfield tag="002">20161230</controlfield><controlfield tag="005">20161230201036</controlfield><controlfield tag="008">060222s1000------------r-----000-0-eng-d</controlfield><datafield ind1=" " ind2=" " tag="100"><subfield code="a">Herschel, R</subfield></datafield><datafield ind1=" " ind2=" " tag="245"><subfield code="a">Die laplace-transformation und ihre anwendund in der regelungstechnik.zusammengestelit von.</subfield></datafield><datafield ind1=" " ind2=" " tag="260"><subfield code="a">Munchen, Oldenbourg, 1955. 142p</subfield></datafield><datafield ind1=" " ind2=" " tag="490"><subfield code="a">Beihefte Zur Regelungstechnik</subfield></datafield><datafield ind1=" " ind2=" " tag="852"><subfield code="a">12158</subfield></datafield></record></collection>